@online{notcited:1,
    author = "Antonielli A., Dragoni G. ",
    title = " Cyber security e data protection: trend emergenti e soluzioni di mitigazione - (2020)",
    url  = "https://www.cybersecurity360.it",
    addendum = "",
    keywords = ""
}

@online{notcited:2,
    author = "Petrucciani G. ",
    title = "Boom di attacchi informatici. E le aziende investono in sicurezza. Le nuove opportunita' - (2020)",
    url  = "https://www.corriere.it",
    addendum = "",
    keywords = ""
}

@online{notcited:3,
    author = "Poli S. ",
    title = "SIEM, SIM e SEM: definizione e a cosa servono - (2020)",
    url  = "https://www.matika.it",
    addendum = "",
    keywords = ""
}

@online{notcited:4,
    author = "Cloudcommunication ",
    title = "Le nuove frontiere della sicurezza informatica: SIEM perche' monitorare e' meglio che curare - (2020)",
    url  = "https://www.cloudcommunication.it",
    addendum = "",
    keywords = ""
}

@online{notcited:5,
    author = "Cristiani L.",
    title = "ABC della sicurezza: SIEM, Security Information and Event Management - (2015)",
    url  = "https://www.techeconomy2030.it",
    addendum = "",
    keywords = ""
}

@online{notcited:6,
    author = "Networkdigital360 ",
    title = "SIEM tutto quello che devono sapere i CSO - (2019)",
    url  = "https://www.networkdigital360.it",
    addendum = "",
    keywords = ""
}

@online{notcited:7,
    author = "Splunk ",
    title = "Kill-Chain Advanced Threat Detection",
    url  = "https://www.splunk.com",
    addendum = "",
    keywords = ""
}

@online{notcited:8,
    author = "Zanotti L. ",
    title = "SIEM: cos'e' e come garantisce la sicurezza delle informazioni - (2019)",
    url  = "https://www.cybersecurity360.it",
    addendum = "",
    keywords = ""
}

@online{notcited:9,
    author = "AlienVault ",
    title = "OSSIM ",
    url  = "https://cybersecurity.att.com/products/ossim",
    addendum = "",
    keywords = ""
}

@online{notcited:10,
    author = "IBM ",
    title = "QRadar",
    url  = "https://www.ibm.com/it-it/products/qradar-siem",
    addendum = "",
    keywords = ""
}

@online{notcited:11,
    author = "Sun Tzu ",
    title = "L'arte della guerra - (VI-V secolo a.C)",
    url  = "",
    addendum = "",
    keywords = ""
}

@online{notcited:12,
    author = "Lavecchia V. ",
    title = "Architettura del modello SIEM (log di sicurezza) - (2017)",
    url  = "https://vitolavecchia.altervista.org",
    addendum = "",
    keywords = ""
}

@online{notcited:13,
    author = "TechTarget ",
    title = "Che cosa sono i file log e perche' non c'e' sicurezza senza log management - (2020)",
    url  = "https://www.zerounoweb.it",
    addendum = "",
    keywords = ""
}

@online{notcited:14,
    author = "Sbaraglia G. ",
    title = "Intrusion Detection System, cos'e' e come attivare la trappola per criminal hacker - (2019)",
    url  = "https://www.cybersecurity360.it",
    addendum = "",
    keywords = ""
}

@online{notcited:15,
    author = "Baiardi F. , Pant E. ",
    title = "Adversary emulation e MITRE ATT\&CK matrix: definire le strategie di difesa di un sistema - (2020)",
    url  = "https://www.cybersecurity360.it",
    addendum = "",
    keywords = ""
}

@online{notcited:16,
    author = "Anomali ",
    title = "What Is MITRE ATT\&CK and How Is It Useful",
    url  = "https://www.anomali.com",
    addendum = "",
    keywords = ""
}

@online{notcited:17,
    author = "MITRE ATT\&CK ",
    title = "",
    url  = "https://attack.mitre.org",
    addendum = "",
    keywords = ""
}

@online{notcited:18,
    author = "IBM Security ",
    title = "",
    url  = "https://www.ibm.com/security ",
    addendum = "",
    keywords = ""
}

@online{notcited:19,
    author = "Suricata ",
    title = "",
    url  = "https://suricata-ids.org ",
    addendum = "",
    keywords = ""
}

@online{notcited:20,
    author = "Caforio A. ",
    title = "Cyber Threat Intelligence, cos'e' e come aiuta la sicurezza aziendale - (2019)",
    url  = "https://www.cybersecurity360.it ",
    addendum = "",
    keywords = ""
}

@online{notcited:21,
    author = "Graham J. ",
    title = "The Value of Context: Using Comprehensive Cyber Threat Intelligence to Increase Security Effectiveness - (2020)",
    url  = "https://www.fireeye.com ",
    addendum = "",
    keywords = ""
}

@online{notcited:22,
    author = "G. Farnham, K. Leune, SANS. ",
    title = "Tools and Standards for Cyber Threat Intelligence Projects - (2020)",
    url  = "https://www.sans.org ",
    addendum = "",
    keywords = ""
}

@online{notcited:23,
    author = "Brando G. ",
    title = "Introduzione alla Cyber Intelligence - (2018)\\",
    url  = "https://www.ictsecuritymagazine.com ",
    addendum = "",
    keywords = ""
}

@online{notcited:24,
    author = "Culper S. ",
    title = "Tactical, Operational, and Strategic Intelligence - (2018)",
    url  = "https://forwardobserver.com ",
    addendum = "",
    keywords = ""
}

@online{notcited:25,
    author = "SANS Institute ",
    title = "The Who, What, Where, When, Why and How of Effective Threat Hunting - (2016)",
    url  = "",
    addendum = "",
    keywords = ""
}

@online{notcited:26,
    author = "Seker E. ",
    title = "Cyber Threat Intelligence (CTI) in a Nutshell - (2020)",
    url  = "https://medium.com",
    addendum = "",
    keywords = ""
}

@online{notcited:27,
    author = "Kireeve B. ",
    title = "Starting a Career in Cyber Threat Intelligence, Entry Level - (2019)",
    url  = "https://medium.com",
    addendum = "",
    keywords = ""
}

@online{notcited:28,
    author = "Gourley B. ",
    title = "Security Intelligence at the Strategic, Operational and Tactical Levels - (2018)",
    url  = "https://securityintelligence.com",
    addendum = "",
    keywords = ""
}

@online{notcited:29,
    author = "Intelligence and National Security Alliance (INSA) ",
    title = "Tactical cyber intelligence - (2014)",
    url  = "https://www.insaonline.org",
    addendum = "",
    keywords = ""
}

@online{notcited:30,
    author = "Intelligence and National Security Alliance (INSA) ",
    title = "Operatinal cyber intelligence - (2014)",
    url  = "https://www.insaonline.org",
    addendum = "",
    keywords = ""
}

@online{notcited:31,
    author = "Intelligence and National Security Alliance (INSA) ",
    title = "Strategic cyber intelligence - (2014)",
    url  = "https://www.insaonline.org",
    addendum = "",
    keywords = ""
}

@online{notcited:32,
    author = "Miller S. , Bush P. ",
    title = "What is Threat Intelligence? - (2017)",
    url  = "https://www.anomali.com",
    addendum = "",
    keywords = ""
}

@online{notcited:33,
    author = "Swisher J. ",
    title = "What is Tactical Threat Intelligence? - (2018)",
    url  = "https://www.anomali.com",
    addendum = "",
    keywords = ""
}

@online{notcited:34,
    author = "Swisher J. ",
    title = "What is Operational Threat Intelligence? - (2018)",
    url  = "https://www.anomali.com",
    addendum = "",
    keywords = ""
}

@online{notcited:35,
    author = "Miller S. ",
    title = "What is Strategic Threat Intelligence? - (2018)",
    url  = "https://www.anomali.com",
    addendum = "",
    keywords = ""
}

@online{notcited:36,
    author = "Cybesecurity \& Infrastructure Security Agency(CISA)  ",
    title = "Traffic Light Protocol (TLP) definitions and usage",
    url  = "https://www.cisa.gov/tlp",
    addendum = "",
    keywords = ""
}

@online{notcited:37,
    author = "STIX ",
    title = "A structured language for cyber threat intelligence",
    url  =  "https://oasis-open.github.io/cti-documentation/stix/intro",
    addendum = "",
    keywords = ""
}

@online{notcited:38,
    author = "TAXII ",
    title = "A transport mechanism for sharing cyber threat intelligence ",
    url  =  "https://oasis-open.github.io/cti-documentation/taxii/intro",
    addendum = "",
    keywords = ""
}

@online{notcited:39,
    author = "Headquarters, Department of the Army  ",
    title = "FM 2-22.3 (FM 34-52) Human Intelligence Collector Operation - (2006) ",
    url  =  "",
    addendum = "",
    keywords = ""
}

@online{notcited:40,
    author = "Malware Information Sharing Platform (MISP)  ",
    title = "",
    url  =  "https://www.misp-project.org",
    addendum = "",
    keywords = ""
}

@online{notcited:41,
    author = "AlienVault Open Threat Exchange(OTX)",
    title = "",
    url  =  "https://otx.alienvault.com",
    addendum = "",
    keywords = ""
}

@online{notcited:42,
    author = "IBM X-Force Exchange ",
    title = "",
    url  =  "https://exchange.xforce.ibmcloud.com",
    addendum = "",
    keywords = ""
}

@online{notcited:43,
    author = "OpenCTI",
    title = "",
    url  =  "https://www.opencti.io",
    addendum = "",
    keywords = ""
}

@online{notcited:44,
    author = "OSSEC ",
    title = "",
    url  = "https://www.ossec.net ",
    addendum = "",
    keywords = ""
}

@online{notcited:45,
    author = "Abuse",
    title = "",
    url  = "https://abuse.ch",
    addendum = "",
    keywords = ""
}

@online{notcited:46,
    author = "MalwareDomains",
    title = "",
    url  = "https://www.malwaredomains",
    addendum = "",
    keywords = ""
}

@online{notcited:47,
    author = "Spamhaus ",
    title = "",
    url  = "https://www.spamhaus.org",
    addendum = "",
    keywords = ""
}

@online{notcited:48,
    author = "Cisco Talos Intelligence ",
    title = "",
    url  = "https://talosintelligence.com",
    addendum = "",
    keywords = ""
}

@online{notcited:49,
    author = "VirusTotal ",
    title = "",
    url  = "https://www.virustotal.com",
    addendum = "",
    keywords = ""
}

@online{notcited:50,
    author = "OpenVAS ",
    title = "",
    url  = "https://www.openvas.org",
    addendum = "",
    keywords = ""
}

@online{notcited:51,
    author = "AnyRun ",
    title = "",
    url  = "https://any.run",
    addendum = "",
    keywords = ""
}

@online{notcited:52,
    author = "Graylog ",
    title = "",
    url  = "https://www.graylog.org",
    addendum = "",
    keywords = ""
}

@online{notcited:53,
    author = "Elasticsearch ",
    title = "",
    url  = "https://www.elastic.co",
    addendum = "",
    keywords = ""
}

@online{notcited:54,
    author = "CVE-2019-12725 ",
    title = "",
    url  = "https://nvd.nist.gov/vuln/detail/CVE-2019-12725",
    addendum = "",
    keywords = ""
}

@online{notcited:55,
    author = "MongoDB ",
    title = "",
    url  = "https://www.mongodb.com",
    addendum = "",
    keywords = ""
}

@online{notcited:56,
    author = "Microsoft ",
    title = "",
    url  = "https://www.microsoft.com",
    addendum = "",
    keywords = ""
}

@online{notcited:57,
    author = "Checkpoint Research ",
    title = "",
    url  = "https://research.checkpoint.com",
    addendum = "",
    keywords = ""
}

